@article{Acero:2015hja,
      author         = "Acero, F. and others",
      journal        = "ApJS",
      volume         = "218",
      year           = "2015",
      number         = "2",
      pages          = "23",
      doi            = "10.1088/0067-0049/218/2/23",
      eprint         = "1501.02003",
      archivePrefix  = "arXiv",
      primaryClass   = "astro-ph.HE",
      SLACcitation   = "%%CITATION = ARXIV:1501.02003;%%"
}

@article{Calore:2014xka,
      author         = "Calore, F. and others",
      journal        = "JCAP",
      volume         = "1503",
      year           = "2015",
      pages          = "038",
      doi            = "10.1088/1475-7516/2015/03/038",
      eprint         = "1409.0042",
      archivePrefix  = "arXiv",
      primaryClass   = "astro-ph.CO",
      reportNumber   = "FERMILAB-PUB-14-289-A",
      SLACcitation   = "%%CITATION = ARXIV:1409.0042;%%"
}

@article{Clark:2016unw,
      author         = "Clark, C. J. and others",
      journal        = "ApJ",
      volume         = "834",
      year           = "2017",
      number         = "2",
      pages          = "106",
      doi            = "10.3847/1538-4357/834/2/106",
      eprint         = "1611.01015",
      archivePrefix  = "arXiv",
      primaryClass   = "astro-ph.HE",
      SLACcitation   = "%%CITATION = ARXIV:1611.01015;%%"
}

@article{Fermi-LAT:2017yoi,
      author         = "Ajello, M. and others",
      collaboration  = "Fermi-LAT",
      journal        = "Arxiv: 1705.00009",
      year           = "2017",
      eprint         = "1705.00009",
      archivePrefix  = "arXiv",
      primaryClass   = "astro-ph.HE",
      SLACcitation   = "%%CITATION = ARXIV:1705.00009;%%"
}

@ARTICLE{2013arXiv1303.3514A,
   author = {{Atwood}, W. and others},
  journal = {ArXiv e-prints},
archivePrefix = "arXiv",
   eprint = {1303.3514},
 primaryClass = "astro-ph.IM",
 keywords = {Astrophysics - Instrumentation and Methods for Astrophysics, Astrophysics - High Energy Astrophysical Phenomena},
     year = 2013,
    month = mar,
   adsurl = {http://adsabs.harvard.edu/abs/2013arXiv1303.3514A},
  adsnote = {Provided by the SAO/NASA Astrophysics Data System}
}

@INPROCEEDINGS{2004IAUS..218..105L,
   author = {{Lorimer}, D.~R.},
     year = 2004,
   series = {IAU},
   volume = 218,
   eprint = {astro-ph/0308501},
   editor = {{Camilo}, F. and {Gaensler}, B.~M.},
    pages = {105},
   adsurl = {http://adsabs.harvard.edu/abs/2004IAUS..218..105L},
  adsnote = {Provided by the SAO/NASA Astrophysics Data System}
}

@article{Cholis:2014lta,
      author         = "Cholis, I. and others",
      journal        = "JCAP",
      volume         = "1506",
      year           = "2015",
      number         = "6",
      pages          = "43",
      doi            = "10.1088/1475-7516/2015/06/043",
      eprint         = "1407.5625",
      archivePrefix  = "arXiv",
      primaryClass   = "astro-ph.HE",
      reportNumber   = "FERMILAB-PUB-14-240-A",
      SLACcitation   = "%%CITATION = ARXIV:1407.5625;%%"
}

@ARTICLE{2009arXiv0910.2998G,
   author = {{Goodenough}, L. and {Hooper}, D.},
  journal = {ArXiv e-prints},
archivePrefix = "arXiv",
   eprint = {0910.2998},
 primaryClass = "hep-ph",
 keywords = {High Energy Physics - Phenomenology},
     year = 2009,
    month = oct,
   adsurl = {http://adsabs.harvard.edu/abs/2009arXiv0910.2998G},
  adsnote = {Provided by the SAO/NASA Astrophysics Data System}
}

@article{TheFermi-LAT:2015kwa,
      author         = "Ajello, M. and others",
      collaboration  = "Fermi-LAT",
      journal        = "ApJ",
      volume         = "819",
      year           = "2016",
      number         = "1",
      pages          = "44",
      doi            = "10.3847/0004-637X/819/1/44",
      eprint         = "1511.02938",
      archivePrefix  = "arXiv",
      primaryClass   = "astro-ph.HE",
      SLACcitation   = "%%CITATION = ARXIV:1511.02938;%%"
}

@article{Lee:2014mza,
      author         = "Lee, S. and others",
      journal        = "JCAP",
      volume         = "1505",
      year           = "2015",
      number         = "5",
      pages          = "56",
      doi            = "10.1088/1475-7516/2015/05/056",
      eprint         = "1412.6099",
      archivePrefix  = "arXiv",
      primaryClass   = "astro-ph.CO",
      reportNumber   = "MIT-CTP-4627",
      SLACcitation   = "%%CITATION = ARXIV:1412.6099;%%"
}

@article{Bartels:2015aea,
      author         = "Bartels, R. and others",
      journal        = "PRL",
      volume         = "116",
      year           = "2016",
      number         = "5",
      pages          = "51102",
      doi            = "10.1103/PhysRevLett.116.051102",
      eprint         = "1506.05104",
      archivePrefix  = "arXiv",
      primaryClass   = "astro-ph.HE",
      SLACcitation   = "%%CITATION = ARXIV:1506.05104;%%"
}

@article{TheFermi-LAT:2013ssa,
      author         = "Abdo, A. A. and others",
      collaboration  = "Fermi-LAT",
      journal        = "ApJS",
      volume         = "208",
      year           = "2013",
      pages          = "17",
      doi            = "10.1088/0067-0049/208/2/17",
      eprint         = "1305.4385",
      archivePrefix  = "arXiv",
      primaryClass   = "astro-ph.HE",
      SLACcitation   = "%%CITATION = ARXIV:1305.4385;%%"
}

@ARTICLE{2005AJ....129.1993M,
   author = {{Manchester}, R.~N. and {Hobbs}, G.~B. and {Teoh}, A. and {Hobbs}, M.
	},
    title = "{The Australia Telescope National Facility Pulsar Catalogue}",
  journal = {\aj},
   eprint = {astro-ph/0412641},
 keywords = {Catalogs, Stars: Pulsars: General},
     year = 2005,
    month = apr,
   volume = 129,
    pages = {1993-2006},
      doi = {10.1086/428488},
   adsurl = {http://adsabs.harvard.edu/abs/2005AJ....129.1993M},
  adsnote = {Provided by the SAO/NASA Astrophysics Data System}
}
